@misc{Bliss,
	Author = {Tommi Junttila and Petteri Kaski},
	Date-Modified = {2018-05-05 14:50:10 +0000},
	Title = {{\em Bliss}: {A} {T}ool for {C}omputing {A}utomorphism {G}roups and {C}anonical {L}abelings of {G}raphs},
	Url = {http://www.tcs.hut.fi/Software/bliss/},
	Bdsk-Url-1 = {http://www.tcs.hut.fi/Software/bliss/}}

@misc{Git,
	Author = {Scott Chacon and Ben Straub},
	Title = {{P}ro {G}it},
	Publisher = {Apress},
	Year = {2014},
	Edition = {2nd},
	Url = {https://git-scm.com/},
	Bdsk-Url-1 = {https://git-scm.com/}}

@article{NautyTraces,
	Author = {Brendan D. McKay and Adolfo Piperno},
	Issn = {0747-7171},
	Journal = {Journal of Symbolic Computation},
	Number = {0},
	Pages = {94 - 112},
	Title = {Practical graph isomorphism, \{II\}},
	Url = {http://www.sciencedirect.com/science/article/pii/S0747717113001193},
	Volume = {60},
	Year = {2014},
	Bdsk-Url-1 = {http://www.sciencedirect.com/science/article/pii/S0747717113001193},
	Bdsk-Url-2 = {http://dx.doi.org/10.1016/j.jsc.2013.09.003}}
	
@misc{GraphFormats,
	Author = {Brendan McKay},
	Date-Added = {2018-04-19 18:50:46 +0000},
	Date-Modified = {2018-04-19 19:03:55 +0000},
	Title = {Description of graph6, sparse6 and digraph6 encodings},
	Url = {http://users.cecs.anu.edu.au/~bdm/data/formats.txt},
	Bdsk-Url-1 = {http://users.cecs.anu.edu.au/~bdm/data/formats.txt}}

